<record><leader>00000cas a2200000 a 4500</leader><controlfield tag="001">18680482</controlfield><controlfield tag="008">881028d1976198uwaumr ne      0    0eng c</controlfield><datafield ind1=" " ind2=" " tag="010"><subfield code="a">sn 88087157 </subfield></datafield><datafield ind1=" " ind2=" " tag="040"><subfield code="a">SLZ</subfield><subfield code="b">eng</subfield><subfield code="c">SLZ</subfield><subfield code="d">ANU</subfield><subfield code="d">OCL</subfield><subfield code="d">NYP</subfield><subfield code="d">OCL</subfield><subfield code="d">NYS</subfield><subfield code="d">OCLCQ</subfield><subfield code="d">OCLCF</subfield><subfield code="d">OCLCO</subfield></datafield><datafield ind1=" " ind2=" " tag="019"><subfield code="a">8165325</subfield><subfield code="a">21421881</subfield></datafield><datafield ind1="1" ind2=" " tag="029"><subfield code="a">AU@</subfield><subfield code="b">000020533261</subfield></datafield><datafield ind1=" " ind2=" " tag="042"><subfield code="a">pcc</subfield></datafield><datafield ind1=" " ind2=" " tag="043"><subfield code="a">n-us-id</subfield></datafield><datafield ind1="0" ind2="4" tag="082"><subfield code="a">970.305</subfield></datafield><datafield ind1="0" ind2="0" tag="245"><subfield code="a">Council fires.</subfield></datafield><datafield ind1=" " ind2=" " tag="260"><subfield code="a">Plummer, Idaho :</subfield><subfield code="b">Coeur d'Alene Tribal Council</subfield></datafield><datafield ind1=" " ind2=" " tag="300"><subfield code="a">v. ;</subfield><subfield code="c">41 cm.</subfield></datafield><datafield ind1=" " ind2=" " tag="310"><subfield code="a">Monthly</subfield></datafield><datafield ind1="0" ind2=" " tag="362"><subfield code="a">Vol. 1 [no. 1] (Sept. [1976])-</subfield></datafield><datafield ind1=" " ind2=" " tag="588"><subfield code="a">Latest issue consulted: Vol. 5, no. 3 (Sept. 1981).</subfield></datafield><datafield ind1=" " ind2="0" tag="650"><subfield code="a">Indians of North America</subfield><subfield code="z">Idaho</subfield><subfield code="v">Newspapers.</subfield></datafield><datafield ind1=" " ind2="0" tag="650"><subfield code="a">Coeur d'Alene Indians</subfield><subfield code="v">Newspapers.</subfield></datafield><datafield ind1=" " ind2="0" tag="651"><subfield code="a">Benewah County (Idaho)</subfield><subfield code="v">Newspapers.</subfield></datafield><datafield ind1=" " ind2="4" tag="651"><subfield code="a">Plummer (Idaho)</subfield><subfield code="v">Newspapers.</subfield></datafield><datafield ind1=" " ind2="7" tag="655"><subfield code="a">Newspapers.</subfield><subfield code="2">fast</subfield><subfield code="0">(OCoLC)fst01423814</subfield></datafield><datafield ind1=" " ind2="7" tag="650"><subfield code="a">Coeur d'Alene Indians.</subfield><subfield code="2">fast</subfield><subfield code="0">(OCoLC)fst01430073</subfield></datafield><datafield ind1=" " ind2="7" tag="650"><subfield code="a">Indians of North America.</subfield><subfield code="2">fast</subfield><subfield code="0">(OCoLC)fst00969633</subfield></datafield><datafield ind1=" " ind2="7" tag="651"><subfield code="a">Idaho.</subfield><subfield code="2">fast</subfield><subfield code="0">(OCoLC)fst01211709</subfield></datafield><datafield ind1=" " ind2="7" tag="651"><subfield code="a">Idaho</subfield><subfield code="z">Benewah County.</subfield><subfield code="2">fast</subfield><subfield code="0">(OCoLC)fst01209949</subfield></datafield><datafield ind1="1" ind2=" " tag="710"><subfield code="a">Coeur D'Alene Tribe.</subfield></datafield><datafield ind1=" " ind2=" " tag="752"><subfield code="a">United States</subfield><subfield code="b">Idaho</subfield><subfield code="c">Benewah</subfield><subfield code="d">Plummer.</subfield></datafield><datafield ind1="0" ind2="0" tag="785"><subfield code="t">Coeur d'Alene council fires</subfield><subfield code="w">(DLC)sn 94050954</subfield><subfield code="w">(OCoLC)31677718</subfield></datafield></record>